@misc{cheng2023metaverse,
	title={Metaverse: Concept, Content and Context},
	author={Cheng, Shenghui and View, Social},
	year={2023},
	publisher={Springer}
}
